<?xml version="1.0" encoding="UTF-8"?><collection xmlns="http://www.loc.gov/MARC21/slim"><record><leader>00430nam--2200133-i-4500</leader><controlfield tag="001">000044485</controlfield><controlfield tag="002">20161230</controlfield><controlfield tag="005">20161230201044</controlfield><controlfield tag="008">060222s1000------------r-----000-0-eng-d</controlfield><datafield ind1=" " ind2=" " tag="080"><subfield code="a">621.039.56:519.87(043)</subfield></datafield><datafield ind1=" " ind2=" " tag="100"><subfield code="a">Purica, Ionut I</subfield></datafield><datafield ind1=" " ind2=" " tag="245"><subfield code="a">Modele matematice pt.corelarea sigurantei in functionarea cbe cu calitatea componentelor. texa de doctorat</subfield></datafield><datafield ind1=" " ind2=" " tag="260"><subfield code="a">Bucuresti, Inst.Central De Fizica, 1986, /P.Dif.</subfield></datafield><datafield ind1=" " ind2=" " tag="852"><subfield code="a">73719</subfield></datafield></record></collection>